@misc{nakamoto,
  author = {Nakamoto, Satoshi},
  title = {Bitcoin: A peer-to-peer electronic cash system},
  url = {http://www.bitcoin.org/bitcoin.pdf},
  year = 2009
}

@article{NIPoPoWs,
    author = {Kiayias A. and Miller A. and Zindros D.},
    title = {Non-interactive proofs of proof-of-work},
    journal = {IACR Cryptology ePrint Archive},
    year = {2017},
    url = {https://eprint.iacr.org/2017/963.pdf}
}

@article{Zamyatin,
    author = {Zamyatin A. and Stifter N. and Judmayer A. and Schindler P. and Weippl E. and Knottenbelt W.J. },
    title = {A Wild Velvet Fork Appears! Inclusive Blockchain Protocol Changes in Practice},
    journal = {Zohar A. et al. (eds) Financial Cryptography and Data Security. FC 2018},
    year = {2019},
    url = {https://eprint.iacr.org/2017/963.pdf}
}

@article{Backbone,
    author = {Juan Garay and Aggelos Kiayias and Nikos Leonardos },
    title = {The bitcoin backbone protocol: Analysis and applications},
    journal = {Annual International Conference on the Theory and Applications of Cryptographic Techniques},
	pages = {281-310},
	publisher = {Springer},
    year = {2015}
}
